<record><leader>00000cas a22000007a 4500</leader><controlfield tag="001">11709542</controlfield><controlfield tag="008">850219d19481960pauwr ne      0    0eng d</controlfield><datafield ind1=" " ind2=" " tag="010"><subfield code="a">sn 85054857 </subfield></datafield><datafield ind1=" " ind2=" " tag="040"><subfield code="a">NPH</subfield><subfield code="b">eng</subfield><subfield code="c">NPH</subfield><subfield code="d">OCLCQ</subfield></datafield><datafield ind1=" " ind2=" " tag="042"><subfield code="a">msc</subfield></datafield><datafield ind1="0" ind2=" " tag="130"><subfield code="a">Duquesne times (Duquesne, Pa. : 1948)</subfield></datafield><datafield ind1="1" ind2="4" tag="245"><subfield code="a">The Duquesne times.</subfield></datafield><datafield ind1=" " ind2=" " tag="260"><subfield code="a">Duquesne, Pa. :</subfield><subfield code="b">Times Pub. Co.,</subfield><subfield code="c">1948-1960.</subfield></datafield><datafield ind1=" " ind2=" " tag="300"><subfield code="a">v. :</subfield><subfield code="b">ill.</subfield></datafield><datafield ind1=" " ind2=" " tag="310"><subfield code="a">Weekly</subfield></datafield><datafield ind1="0" ind2=" " tag="362"><subfield code="a">Jan. 8, 1947 [i.e. 1948]-v. 59, no. 34 (Aug. 25, 1960).</subfield></datafield><datafield ind1=" " ind2=" " tag="500"><subfield code="a">"Official newspaper for the city of Duquesne, Pennsylvania."</subfield></datafield><datafield ind1=" " ind2=" " tag="500"><subfield code="a">Publisher: Bernard N. Kroeger, March 3, 1949-</subfield></datafield><datafield ind1=" " ind2=" " tag="515"><subfield code="a">Issues for Oct. 20, 1949-Aug. 25, 1960 called also v. 45, no. 52-v. 59, no. 34.</subfield></datafield><datafield ind1=" " ind2=" " tag="752"><subfield code="a">United States</subfield><subfield code="b">Pennsylvania</subfield><subfield code="c">Allegheny</subfield><subfield code="d">Duquesne.</subfield></datafield><datafield ind1="0" ind2="0" tag="780"><subfield code="t">Duquesne star combined with the Duquesne times</subfield><subfield code="w">(DLC)sn 85054861</subfield></datafield></record>